<record xmlns="http://www.loc.gov/MARC21/slim" xmlns:xsi="http://www.w3.org/2001/XMLSchema-instance" xsi:schemaLocation="http://www.loc.gov/MARC21/slim http://www.loc.gov/standards/marcxml/schema/MARC21slim.xsd"><leader>     nam a22        4500</leader><controlfield tag="001">3072300</controlfield><controlfield tag="003">NNC</controlfield><controlfield tag="006">m        d        </controlfield><controlfield tag="007">cr cn |||m|||a</controlfield><controlfield tag="008">150601s1931    ua      o     000 0 ara d</controlfield><datafield ind1=" " ind2=" " tag="040"><subfield code="a">NNU</subfield><subfield code="b">eng</subfield><subfield code="e">rda</subfield><subfield code="c">NNU</subfield></datafield><datafield ind1="1" ind2=" " tag="100"><subfield code="6">880-01</subfield><subfield code="a">Bibla&#772;wi&#772;, Muh&#803;ammad &#699;Ali&#772;.</subfield></datafield><datafield ind1="1" ind2="3" tag="245"><subfield code="6">880-02</subfield><subfield code="a">al-Khut&#803;ab al-minbari&#772;yah bi-Masjid al-Ima&#772;m al-H&#803;usayn /</subfield><subfield code="c">insha&#772;&#700; al-Sayyid Muh&#803;ammad &#699;Ali&#772; al-Bibla&#772;wi&#772; (naqi&#772;b al-Sa&#772;dah al-ashra&#772;f bi-al-Diya&#772;r al-Mis&#803;ri&#772;yah).</subfield></datafield><datafield ind1=" " ind2=" " tag="260"><subfield code="6">880-03</subfield><subfield code="a">al-Qa&#772;hirah :</subfield><subfield code="b">Mat&#803;ba&#699;at Da&#772;r al-Kutub al-Mis&#803;ri&#772;yah,</subfield><subfield code="c">1350 h., 1931 m.</subfield></datafield><datafield ind1=" " ind2=" " tag="300"><subfield code="a">online resource (215 pages)</subfield></datafield><datafield ind1=" " ind2=" " tag="336"><subfield code="a">text</subfield><subfield code="2">rdacontent</subfield></datafield><datafield ind1=" " ind2=" " tag="337"><subfield code="a">computer</subfield><subfield code="2">rdamedia</subfield></datafield><datafield ind1=" " ind2=" " tag="338"><subfield code="a">online resource</subfield><subfield code="2">rdacarrier</subfield></datafield><datafield ind1=" " ind2=" " tag="500"><subfield code="a">Part of the Arabic Collections Online (ACO) project, contributed by Columbia University Libraries.</subfield></datafield><datafield ind1=" " ind2=" " tag="533"><subfield code="a">Electronic reproduction.</subfield><subfield code="b">New York, N.Y. :</subfield><subfield code="c">New York University,</subfield><subfield code="d">2015.</subfield><subfield code="5">NNU</subfield></datafield><datafield ind1=" " ind2="0" tag="650"><subfield code="a">Islamic sermons.</subfield></datafield><datafield ind1=" " ind2="0" tag="650"><subfield code="a">Sermons, Arabic.</subfield></datafield><datafield ind1=" " ind2="7" tag="650"><subfield code="a">Islamic sermons.</subfield><subfield code="2">fast</subfield><subfield code="0">(OCoLC)fst00980058</subfield></datafield><datafield ind1=" " ind2="7" tag="650"><subfield code="a">Sermons, Arabic.</subfield><subfield code="2">fast</subfield><subfield code="0">(OCoLC)fst01113233</subfield></datafield><datafield ind1="2" ind2=" " tag="710"><subfield code="a">Columbia University.</subfield><subfield code="b">Libraries.</subfield></datafield><datafield ind1="0" ind2=" " tag="730"><subfield code="a">Arabic Collections Online.</subfield></datafield><datafield ind1="0" ind2="8" tag="776"><subfield code="i">Print version:</subfield><subfield code="a">Bibla&#772;wi&#772;, Muh&#803;ammad &#699;Ali&#772;.</subfield><subfield code="t">al-Khut&#803;ab al-minbari&#772;yah bi-Masjid al-Ima&#772;m al-H&#803;usayn</subfield><subfield code="w">(NNC)3072300</subfield><subfield code="w">(OCoLC)47829320</subfield></datafield><datafield ind1="4" ind2="0" tag="856"><subfield code="u">http://hdl.handle.net/2333.1/8sf7m2qr</subfield></datafield><datafield ind1="1" ind2=" " tag="880"><subfield code="6">100-01/r</subfield><subfield code="a">&#1576;&#1576;&#1604;&#1575;&#1608;&#1610;&#1548; &#1605;&#1581;&#1605;&#1583; &#1593;&#1604;&#1610;.</subfield></datafield><datafield ind1="1" ind2="2" tag="880"><subfield code="6">245-02/r</subfield><subfield code="a">&#1575;&#1604;&#1582;&#1591;&#1576; &#1575;&#1604;&#1605;&#1606;&#1576;&#1585;&#1610;&#1577; &#1576;&#1605;&#1587;&#1580;&#1583; &#1575;&#1604;&#1575;&#1605;&#1575;&#1605; &#1575;&#1604;&#1581;&#1587;&#1610;&#1606; /</subfield><subfield code="c">&#1575;&#1606;&#1588;&#1575;&#1569; &#1575;&#1604;&#1587;&#1610;&#1583; &#1605;&#1581;&#1605;&#1583; &#1593;&#1604;&#1610; &#1575;&#1604;&#1576;&#1576;&#1604;&#1575;&#1608;&#1610; (&#1606;&#1602;&#1610;&#1576; &#1575;&#1604;&#1587;&#1575;&#1583;&#1577; &#1575;&#1604;&#1575;&#1588;&#1585;&#1575;&#1601; &#1576;&#1575;&#1604;&#1583;&#1610;&#1575;&#1585; &#1575;&#1604;&#1605;&#1589;&#1585;&#1610;&#1577;).</subfield></datafield><datafield ind1=" " ind2=" " tag="880"><subfield code="6">260-03/r</subfield><subfield code="a">&#1575;&#1604;&#1602;&#1575;&#1607;&#1585;&#1577; :</subfield><subfield code="b">&#1605;&#1591;&#1576;&#1593;&#1577; &#1583;&#1575;&#1585; &#1575;&#1604;&#1603;&#1578;&#1576; &#1575;&#1604;&#1605;&#1589;&#1585;&#1610;&#1577;&#1548;</subfield><subfield code="c">1350 &#1607;.&#1548; 1931 &#1605;.</subfield></datafield><datafield ind1=" " ind2=" " tag="959"><subfield code="a">NNU</subfield><subfield code="b">WEB</subfield><subfield code="c">GENI</subfield><subfield code="t">0</subfield><subfield code="m">Electronic access</subfield><subfield code="s">01</subfield></datafield><datafield ind1=" " ind2=" " tag="999"><subfield code="i">NNC_3072300</subfield><subfield code="o">(OCoLC)ocm47829320</subfield><subfield code="s">columbia_aco000475</subfield><subfield code="e">(ERROR-880)</subfield><subfield code="s">columbia_aco000475</subfield></datafield></record>